@article{bradley1952rank,
  title={Rank analysis of incomplete block designs: I. The method of paired comparisons},
  author={Bradley, Ralph Allan and Terry, Milton E},
  journal={Biometrika},
  volume={39},
  number={3/4},
  pages={324--345},
  year={1952},
  publisher={JSTOR}
}

@Book{Ag2002,
  title     = {Categorical Data Analysis},
  publisher = {Wiley-Interscience [John Wiley \& Sons]},
  year      = {2002},
  author    = {Alan Agresti},
  series    = {Wiley Series in Probability and Statistics},
  address   = {New York},
  edition   = {Second},
  note      = {xvi+710},
}

@Article{Va2016,
  author  = {C. Varin and M. Cattelan and D. Firth},
  title   = {Statistical modelling of citation exchange between statistics journals},
  journal = {Journal of the Royal Statistical Society, Series A (Statistics in Society)},
  year    = {2016},
  volume  = {179(1)},
  pages   = {1–63},
}

@Article{St1994,
  author  = {S. M. Stigler},
  title   = {Citation patterns in the journals of statistics and probability},
  journal = {Statist. Sci.},
  year    = {1994},
  volume  = {9},
  pages   = {94–108.},
}

@Article{Ct2012,
  author  = {Manuela Cattelan},
  title   = {Models for Paired Comparison Data: A Review with Emphasis on Dependent Data},
  journal = {Statistical Science},
  year    = {2012},
  volume  = {27},
  number  = {3},
  pages   = {412-433},
  doi     = {10.1214/12-STS396},
}

@Article{Gli1993,
  author  = {Glickman, Mark E.},
  title   = {Paired Comparison Models with Time Varying Parameters},
  journal = {Doctoral thesis},
  publisher = {Harvard University Dept of Statistics},
  year={2012},
}

@article{Wd1974,
 URL = {http://www.jstor.org/stable/2334725},
 author = {R. W. M. Wedderburn},
 journal = {Biometrika},
 number = {3},
 pages = {439--447},
 publisher = {[Oxford University Press, Biometrika Trust]},
 title = {Quasi-Likelihood Functions, Generalized Linear Models, and the Gauss-Newton Method},
 volume = {61},
 year = {1974}
}


@Article{FM2005,
  author  = {Firth, D. and de Menezes, R. X.},
  title   = {Quasi-variances},
  journal = {Biometrika},
  year    = {2005},
  volume  = {91},
  pages   = {65-80.},
}

@Article{BD1997,
  author  = {B\"ockenholt, U. and Dillon, W. R.},
  title   = {Modeling within-subject dependencies in ordinal paired comparison data.},
  journal = {Psychometrika},
  year    = {1997},
  volume  = {62},
  pages   = {411-434},
}

@Article{DHK2002,
  author  = {Dittrich, R. and Hatzinger, R. and Katzenbeisser, W.},
  title   = {Modelling dependencies in paired comparison data: A log-linear approach.},
  journal = {Comput. Statist. Data Anal.},
  year    = {2002},
  volume  = {40},
  pages   = {39-57},
}

@Article{MaV2012,
  author    = {Masarotto, Guido and Varin, Cristiano},
  title     = {The ranking lasso and its application to sport tournaments},
  journal   = {Ann. Appl. Stat.},
  year      = {2012},
  volume    = {6},
  number    = {4},
  pages     = {1949--1970},
  month     = {12},
  doi       = {10.1214/12-AOAS581},
  fjournal  = {The Annals of Applied Statistics},
  publisher = {The Institute of Mathematical Statistics},
  url       = {https://doi.org/10.1214/12-AOAS581},
}

@Article{CMV2012,
  author   = {Cattelan, Manuela and Varin, Cristiano and Firth, David},
  title    = {Dynamic Bradley–Terry modelling of sports tournaments},
  journal  = {Journal of the Royal Statistical Society: Series C (Applied Statistics)},
  year     = {2012},
  volume   = {62},
  number   = {1},
  pages    = {135-150},
  doi      = {10.1111/j.1467-9876.2012.01046.x},
  eprint   = {https://rss.onlinelibrary.wiley.com/doi/pdf/10.1111/j.1467-9876.2012.01046.x},
  keywords = {Bradley, Terry model, Cumulative logit model, Exponentially weighted moving average process, Paired comparisons, Sports tournaments},
  url      = {https://rss.onlinelibrary.wiley.com/doi/abs/10.1111/j.1467-9876.2012.01046.x},
}

@InProceedings{CaS2015,
  author    = {Yuxin Chen and Changho Suh},
  title     = {Spectral MLE: Top-\$K\$ Rank Aggregation from Pairwise Comparisons},
  booktitle = {ICML},
  year      = {2015},
}

@Article{CaF2017,
  author = {Yuxin Chen and Jianqing Fan and Cong Ma and Kaizheng Wang},
  title  = {Spectral Method and Regularized MLE Are Both Optimal for Top-K Ranking},
  year   = {2017},
  volume = {arXiv1707.09971},
}


@Article{Zermelo1929,
author="Zermelo, E.",
title="Die Berechnung der Turnier-Ergebnisse als ein Maximumproblem der Wahrscheinlichkeitsrechnung",
journal="Mathematische Zeitschrift",
year="1929",
month="Dec",
day="01",
volume="29",
number="1",
pages="436--460",
issn="1432-1823",
doi="10.1007/BF01180541",
url="https://doi.org/10.1007/BF01180541"
}

@inproceedings{RaJ2007,
 author = {Radlinski, Filip and Joachims, Thorsten},
 title = {Active Exploration for Learning Rankings from Clickthrough Data},
 booktitle = {Proceedings of the 13th ACM SIGKDD International Conference on Knowledge Discovery and Data Mining},
 series = {KDD '07},
 year = {2007},
 isbn = {978-1-59593-609-7},
 location = {San Jose, California, USA},
 pages = {570--579},
 numpages = {10},
 url = {http://doi.acm.org/10.1145/1281192.1281254},
 doi = {10.1145/1281192.1281254},
 acmid = {1281254},
 publisher = {ACM},
 address = {New York, NY, USA},
 keywords = {active exploration, clickthrough data, learning to rank, web search},
} 


@article{FaT1994,
 ISSN = {01621459},
 URL = {http://www.jstor.org/stable/2291005},
 author = {Ludwig Fahrmeir and Gerhard Tutz},
 journal = {Journal of the American Statistical Association},
 number = {428},
 pages = {1438--1449},
 publisher = {[American Statistical Association, Taylor & Francis, Ltd.]},
 title = {Dynamic Stochastic Models for Time-Dependent Ordered Paired Comparison Systems},
 volume = {89},
 year = {1994}
}

@Comment{jabref-meta: databaseType:bibtex;}